%% LaTeX2e file `publication.bib'
%% generated by the `filecontents' environment
%% from source `proposal' on 2014/07/19.
%%
@article{lamport1986latex,
  title={LaTEX: User's Guide \& Reference Manual},
  author={Lamport, L.},
  year={1986},
  publisher={Addison-Wesley}
}
@book{knuth2006art,
  title={The art of computer programming: Generating all trees: history of combinatorial generation},
  author={Knuth, D.E.},
  volume={4},
  year={2006},
  publisher={addison-Wesley}
}
