@article{Just2011,
author = {Just, A. and Khan, F. M. and Berczik, P. and Ernst, A. and Spurzem, R.}, 
title = {Dynamical friction of massive objects in galactic centres},
volume = {411}, 
number = {1}, 
pages = {653-674}, 
year = {2011}, 
doi = {10.1111/j.1365-2966.2010.17711.x}, 
abstract ={Dynamical friction leads to an orbital decay of massive objects like young compact star clusters or massive black holes in central regions of galaxies. The dynamical friction force can be well approximated by Chandrasekhar’s standard formula, but recent investigations show that corrections to the Coulomb logarithm are necessary. With a large set of N-body simulations we show that the improved formula for the Coulomb logarithm fits the orbital decay very well for circular and eccentric orbits. The local scalelength of the background density distribution serves as the maximum impact parameter for a wide range of power-law indices of −1 … −5. For each type of code the numerical resolution must be compared to the effective minimum impact parameter in order to determine the Coulomb logarithm. We also quantify the correction factors by using self-consistent velocity distribution functions instead of the standard Maxwellian often used. These factors enter directly the decay time-scale and cover a range of 0.5 … 3 for typical orbits. The new Coulomb logarithm combined with self-consistent velocity distribution functions in the Chandrasekhar formula provides a significant improvement of orbital decay times with correction up to one order of magnitude compared to the standard case. We suggest the general use of the improved formula in parameter studies as well as in special applications.}, 
URL = {http://mnras.oxfordjournals.org/content/411/1/653.abstract}, 
eprint = {http://mnras.oxfordjournals.org/content/411/1/653.full.pdf+html}, 
journal = {Monthly Notices of the Royal Astronomical Society} 
}

@ARTICLE{Hernquist1990,
   author = {{Hernquist}, L.},
    title = "{An analytical model for spherical galaxies and bulges}",
  journal = {\apj},
 keywords = {Computational Astrophysics, Elliptical Galaxies, Galactic Bulge, Galactic Structure, Astronomical Models, Astronomical Photometry, Brightness Distribution, Distribution Functions},
     year = 1990,
    month = jun,
   volume = 356,
    pages = {359-364},
      doi = {10.1086/168845},
   adsurl = {http://adsabs.harvard.edu/abs/1990ApJ...356..359H},
  adsnote = {Provided by the SAO/NASA Astrophysics Data System}
}



@article{Grand16,
author = {Grand, Robert J. J. and Springel, Volker and Gómez, Facundo A. and Marinacci, Federico and Pakmor, Rüdiger and Campbell, David J. R. and Jenkins, Adrian}, 
title = {Vertical disc heating in Milky Way-sized galaxies in a cosmological context},
volume = {459}, 
number = {1}, 
pages = {199-219}, 
year = {2016}, 
doi = {10.1093/mnras/stw601}, 
abstract ={Vertically extended, high velocity dispersion stellar distributions appear to be a ubiquitous feature of disc galaxies, and both internal and external mechanisms have been proposed to be the major driver of their formation. However, it is unclear to what extent each mechanism can generate such a distribution, which is likely to depend on the assembly history of the galaxy. To this end, we perform 16 high-resolution cosmological-zoom simulations of Milky Way-sized galaxies using the state-of-the-art cosmological magnetohydrodynamical code arepo, and analyse the evolution of the vertical kinematics of the stellar disc in connection with various heating mechanisms. We find that the bar is the dominant heating mechanism in most cases, whereas spiral arms, radial migration and adiabatic heating from mid-plane density growth are all subdominant. The strongest source, though less prevalent than bars, originates from external perturbations from satellites/subhaloes of masses log10(M/M⊙) ≳ 10. However, in many simulations the orbits of newborn star particles become cooler with time, such that they dominate the shape of the age–velocity dispersion relation and overall vertical disc structure unless a strong external perturbation takes place.}, 
URL = {http://mnras.oxfordjournals.org/content/459/1/199.abstract}, 
eprint = {http://mnras.oxfordjournals.org/content/459/1/199.full.pdf+html}, 
journal = {Monthly Notices of the Royal Astronomical Society} 
}


@article{Bustamante15,
author = {Bustamante, Sebastian and Forero-Romero, Jaime E.}, 
title = {Tensor anisotropy as a tracer of cosmic voids},
volume = {453}, 
number = {1}, 
pages = {497-506}, 
year = {2015}, 
doi = {10.1093/mnras/stv1637}, 
abstract ={We present a new method to find voids in cosmological simulations based on the tidal and the velocity shear tensors definitions of the cosmic web. We use the fractional anisotropy (FA) computed from the eigenvalues of each web scheme as a void tracer. We identify voids using a watershed transform based on the local minima of the FA field without making any assumption on the shape or structure of the voids. We test the method on the Bolshoi simulation and report on the abundance and radial averaged profiles for the density, velocity and FA. We find that voids in the velocity shear web are smaller than voids in the tidal web, with a particular overabundance of very small voids in the inner region of filaments/sheets. We classify voids as subcompensated/overcompensated depending on the absence/presence of an overdense matter ridge in their density profile, finding that close to 65 and 35 per cent of the total population are classified into each category, respectively. Finally, we find evidence for the existence of universal profiles from the radially averaged profiles for density, velocity and FA. This requires that the radial coordinate is normalized to the effective radius of each void. Put together, all these results show that the FA is a reliable tracer for voids, which can be used in complementarity to other existing methods and tracers.}, 
URL = {http://mnras.oxfordjournals.org/content/453/1/497.abstract}, 
eprint = {http://mnras.oxfordjournals.org/content/453/1/497.full.pdf+html}, 
journal = {Monthly Notices of the Royal Astronomical Society} 
}


@ARTICLE{Tremmel2015,
   author = {{Tremmel}, M. and {Governato}, F. and {Volonteri}, M. and {Quinn}, T.~R.
	},
    title = "{Off the beaten path: a new approach to realistically model the orbital decay of supermassive black holes in galaxy formation simulations}",
  journal = {\mnras},
archivePrefix = "arXiv",
   eprint = {1501.07609},
 keywords = {methods: numerical, galaxies: evolution, galaxies: kinematics and dynamics, quasars: supermassive black holes},
     year = 2015,
    month = aug,
   volume = 451,
    pages = {1868-1874},
      doi = {10.1093/mnras/stv1060},
   adsurl = {http://adsabs.harvard.edu/abs/2015MNRAS.451.1868T},
  adsnote = {Provided by the SAO/NASA Astrophysics Data System}
}


@ARTICLE{Springel2010,
   author = {{Springel}, V.},
    title = "{E pur si muove: Galilean-invariant cosmological hydrodynamical simulations on a moving mesh}",
  journal = {\mnras},
archivePrefix = "arXiv",
   eprint = {0901.4107},
 keywords = {methods: numerical, galaxies: interactions, cosmology: dark matter},
     year = 2010,
    month = jan,
   volume = 401,
    pages = {791-851},
      doi = {10.1111/j.1365-2966.2009.15715.x},
   adsurl = {http://adsabs.harvard.edu/abs/2010MNRAS.401..791S},
  adsnote = {Provided by the SAO/NASA Astrophysics Data System}
}


@article{Springel11,
author = {Springel, Volker and di Matteo, Tiziana and Hernquist, Lars}, 
title = {Modelling feedback from stars and black holes in galaxy mergers},
volume = {361}, 
number = {3}, 
pages = {776-794}, 
year = {2005}, 
doi = {10.1111/j.1365-2966.2005.09238.x}, 
abstract ={We describe techniques for incorporating feedback from star formation and black hole (BH) accretion into simulations of isolated and merging galaxies. At present, the details of these processes cannot be resolved in simulations on galactic scales. Our basic approach therefore involves forming coarse-grained representations of the properties of the interstellar medium (ISM) and BH accretion starting from basic physical assumptions, so that the impact of these effects can be included on resolved scales. We illustrate our method using a multiphase description of star-forming gas. Feedback from star formation pressurizes highly overdense gas, altering its effective equation of state (EOS). We show that this allows the construction of stable galaxy models with much larger gas fractions than possible in earlier numerical work. We extend the model by including a treatment of gas accretion onto central supermassive BHs in galaxies. Assuming thermal coupling of a small fraction of the bolometric luminosity of accreting BHs to the surrounding gas, we show how this feedback regulates the growth of BHs. In gas-rich mergers of galaxies, we observe a complex interplay between starbursts and central active galactic nuclei (AGN) activity when the tidal interaction triggers intense nuclear inflows of gas. Once an accreting supermassive BH has grown to a critical size, feedback terminates its further growth and expels gas from the central region in a powerful quasar-driven wind. Our simulation methodology is therefore able to address the coupled processes of gas dynamics, star formation and BH accretion during the formation of galaxies.}, 
URL = {http://mnras.oxfordjournals.org/content/361/3/776.abstract}, 
eprint = {http://mnras.oxfordjournals.org/content/361/3/776.full.pdf+html}, 
journal = {Monthly Notices of the Royal Astronomical Society} 
}


@ARTICLE{Neyrinck08,
   author = {{Neyrinck}, M.~C.},
    title = "{ZOBOV: a parameter-free void-finding algorithm}",
  journal = {\mnras},
archivePrefix = "arXiv",
   eprint = {0712.3049},
 keywords = {methods: data analysis , cosmology: theory , large-scale structure of Universe},
     year = 2008,
    month = jun,
   volume = 386,
    pages = {2101-2109},
      doi = {10.1111/j.1365-2966.2008.13180.x},
   adsurl = {http://adsabs.harvard.edu/abs/2008MNRAS.386.2101N},
  adsnote = {Provided by the SAO/NASA Astrophysics Data System}
}

@ARTICLE{Tikhonov09,
   author = {{Tikhonov}, A.~V. and {Klypin}, A.},
    title = "{The emptiness of voids: yet another overabundance problem for the {$\Lambda$} cold dark matter model}",
  journal = {\mnras},
archivePrefix = "arXiv",
   eprint = {0807.0924},
 keywords = {galaxies: formation , galaxies: kinematics and dynamics , galaxies: luminosity function, mass function , dark matter , large-scale structure of Universe},
     year = 2009,
    month = jun,
   volume = 395,
    pages = {1915-1924},
      doi = {10.1111/j.1365-2966.2009.14686.x},
   adsurl = {http://adsabs.harvard.edu/abs/2009MNRAS.395.1915T},
  adsnote = {Provided by the SAO/NASA Astrophysics Data System}
}

@ARTICLE{Sutter14b,
   author = {{Sutter}, P.~M. and {Elahi}, P. and {Falck}, B. and {Onions}, J. and 
	{Hamaus}, N. and {Knebe}, A. and {Srisawat}, C. and {Schneider}, A.
	},
    title = "{The life and death of cosmic voids}",
  journal = {ArXiv e-prints},
archivePrefix = "arXiv",
   eprint = {1403.7525},
 keywords = {Astrophysics - Cosmology and Nongalactic Astrophysics},
     year = 2014,
    month = mar,
   adsurl = {http://adsabs.harvard.edu/abs/2014arXiv1403.7525S},
  adsnote = {Provided by the SAO/NASA Astrophysics Data System}
}

@ARTICLE{Sutter14a,
   author = {{Sutter}, P.~M. and {Lavaux}, G. and {Hamaus}, N. and {Wandelt}, B.~D. and 
	{Weinberg}, D.~H. and {Warren}, M.~S.},
    title = "{Sparse sampling, galaxy bias, and voids}",
  journal = {\mnras},
archivePrefix = "arXiv",
   eprint = {1309.5087},
 keywords = {methods: data analysis, methods: numerical, cosmology: theory, large-scale structure of Universe},
     year = 2014,
    month = jul,
   volume = 442,
    pages = {462-471},
      doi = {10.1093/mnras/stu893},
   adsurl = {http://adsabs.harvard.edu/abs/2014MNRAS.442..462S},
  adsnote = {Provided by the SAO/NASA Astrophysics Data System}
}

@ARTICLE{GarrisonKimmel14,
   author = {{Garrison-Kimmel}, S. and {Boylan-Kolchin}, M. and {Bullock}, J.~S. and 
	{Lee}, K.},
    title = "{ELVIS: Exploring the Local Volume in Simulations}",
  journal = {\mnras},
archivePrefix = "arXiv",
   eprint = {1310.6746},
 primaryClass = "astro-ph.CO",
 keywords = {galaxies: haloes, Local Group, cosmology: theory, dark matter},
     year = 2014,
    month = mar,
   volume = 438,
    pages = {2578-2596},
      doi = {10.1093/mnras/stt2377},
   adsurl = {http://adsabs.harvard.edu/abs/2014MNRAS.438.2578G},
  adsnote = {Provided by the SAO/NASA Astrophysics Data System}
}

@ARTICLE{Hamaus14,
   author = {{Hamaus}, N. and {Sutter}, P.~M. and {Wandelt}, B.~D.},
    title = "{A Universal Density Profile for Cosmic Voids}",
  journal = {ArXiv e-prints},
archivePrefix = "arXiv",
   eprint = {1403.5499},
 primaryClass = "astro-ph.CO",
 keywords = {Astrophysics - Cosmology and Extragalactic Astrophysics, General Relativity and Quantum Cosmology},
     year = 2014,
    month = mar,
   adsurl = {http://adsabs.harvard.edu/abs/2014arXiv1403.5499H},
  adsnote = {Provided by the SAO/NASA Astrophysics Data System}
}

@ARTICLE{Zeldovich82,
   author = {{Zel'dovich}, I.~B. and {Einasto}, J. and {Shandarin}, S.~F.},
    title = "{Giant voids in the universe}",
  journal = {\nat},
 keywords = {Astronomical Models, Galactic Clusters, Galactic Evolution, Galactic Structure, Spatial Distribution, Universe, Adiabatic Conditions, Cosmology, Mass Distribution, Neutrinos},
     year = 1982,
    month = dec,
   volume = 300,
    pages = {407-413},
      doi = {10.1038/300407a0},
   adsurl = {http://adsabs.harvard.edu/abs/1982Natur.300..407Z},
  adsnote = {Provided by the SAO/NASA Astrophysics Data System}
}

@ARTICLE{Chincarini75,
   author = {{Chincarini}, G. and {Rood}, H.~J.},
    title = "{Size of the Coma cluster}",
  journal = {\nat},
 keywords = {Galactic Clusters, Radial Velocity, Size Determination, Astronomical Spectroscopy, Distance, Radii},
     year = 1975,
    month = sep,
   volume = 257,
    pages = {294},
      doi = {10.1038/257294a0},
   adsurl = {http://adsabs.harvard.edu/abs/1975Natur.257..294C},
  adsnote = {Provided by the SAO/NASA Astrophysics Data System}
}

@ARTICLE{Gregory78,
   author = {{Gregory}, S.~A. and {Thompson}, L.~A.},
    title = "{The Coma/A1367 supercluster and its environs}",
  journal = {\apj},
 keywords = {Galactic Clusters, Galactic Structure, Red Shift, Spatial Distribution, Contours, Galactic Radiation, Luminous Intensity, Morphology, Population Theory},
     year = 1978,
    month = jun,
   volume = 222,
    pages = {784-799},
      doi = {10.1086/156198},
   adsurl = {http://adsabs.harvard.edu/abs/1978ApJ...222..784G},
  adsnote = {Provided by the SAO/NASA Astrophysics Data System}
}

@ARTICLE{Einasto80M,
   author = {{Einasto}, J. and {Joeveer}, M. and {Saar}, E.},
    title = "{Structure of superclusters and supercluster formation}",
  journal = {\mnras},
 keywords = {Elliptical Galaxies, Galactic Clusters, Radio Sources (Astronomy), Spatial Distribution, Spiral Galaxies, Cosmology, Southern Hemisphere, Star Distribution},
     year = 1980,
    month = nov,
   volume = 193,
    pages = {353-375},
   adsurl = {http://adsabs.harvard.edu/abs/1980MNRAS.193..353E},
  adsnote = {Provided by the SAO/NASA Astrophysics Data System}
}

@ARTICLE{Einasto80N,
   author = {{Einasto}, J. and {Joeveer}, M. and {Saar}, E.},
    title = "{Superclusters and galaxy formation}",
  journal = {\nat},
 keywords = {Galactic Clusters, Galactic Structure, Red Shift, Cosmology, Star Distribution},
     year = 1980,
    month = jan,
   volume = 283,
    pages = {47},
      doi = {10.1038/283047a0},
   adsurl = {http://adsabs.harvard.edu/abs/1980Natur.283...47E},
  adsnote = {Provided by the SAO/NASA Astrophysics Data System}
}

@ARTICLE{Kirshner81,
   author = {{Kirshner}, R.~P. and {Oemler}, Jr., A. and {Schechter}, P.~L. and 
	{Shectman}, S.~A.},
    title = "{A million cubic megaparsec void in Bootes}",
  journal = {\apjl},
 keywords = {Galactic Clusters, Galactic Radiation, Red Shift, Cosmology, Density Distribution, Galactic Structure, Hubble Diagram, Luminosity, Perturbation Theory, Voids},
     year = 1981,
    month = sep,
   volume = 248,
    pages = {L57-L60},
      doi = {10.1086/183623},
   adsurl = {http://adsabs.harvard.edu/abs/1981ApJ...248L..57K},
  adsnote = {Provided by the SAO/NASA Astrophysics Data System}
}

@ARTICLE{Kirshner87,
   author = {{Kirshner}, R.~P. and {Oemler}, Jr., A. and {Schechter}, P.~L. and 
	{Shectman}, S.~A.},
    title = "{A survey of the Bootes void}",
  journal = {\apj},
 keywords = {Galactic Clusters, Red Shift, Space Density, Voids, Astronomical Catalogs, Distribution Functions, Probability Theory, Statistical Analysis},
     year = 1987,
    month = mar,
   volume = 314,
    pages = {493-506},
      doi = {10.1086/165080},
   adsurl = {http://adsabs.harvard.edu/abs/1987ApJ...314..493K},
  adsnote = {Provided by the SAO/NASA Astrophysics Data System}
}

@ARTICLE{Bond96,
   author = {{Bond}, J.~R. and {Kofman}, L. and {Pogosyan}, D.},
    title = "{How filaments of galaxies are woven into the cosmic web}",
  journal = {\nat},
   eprint = {astro-ph/9512141},
     year = 1996,
    month = apr,
   volume = 380,
    pages = {603-606},
      doi = {10.1038/380603a0},
   adsurl = {http://adsabs.harvard.edu/abs/1996Natur.380..603B},
  adsnote = {Provided by the SAO/NASA Astrophysics Data System}
}

@ARTICLE{Zeldovich70,
   author = {{Zel'dovich}, Y.~B.},
    title = "{Gravitational instability: An approximate theory for large density perturbations.}",
  journal = {\aap},
     year = 1970,
    month = mar,
   volume = 5,
    pages = {84-89},
   adsurl = {http://adsabs.harvard.edu/abs/1970A%26A.....5...84Z},
  adsnote = {Provided by the SAO/NASA Astrophysics Data System}
}

#============================================================================================================================
# 2dfGRS
#============================================================================================================================
@ARTICLE{Colless01,
   author = {{Colless}, M. and et al. and {(the 2dFGRS Team),}
	},
    title = "{The 2dF Galaxy Redshift Survey: spectra and redshifts}",
  journal = {\mnras},
   eprint = {astro-ph/0106498},
 keywords = {SURVEYS, GALAXIES: CLUSTERS: GENERAL, GALAXIES: DISTANCES AND REDSHIFTS, COSMOLOGY: OBSERVATIONS, LARGE-SCALE STRUCTURE OF UNIVERSE},
     year = 2001,
    month = dec,
   volume = 328,
    pages = {1039-1063},
      doi = {10.1046/j.1365-8711.2001.04902.x},
   adsurl = {http://adsabs.harvard.edu/abs/2001MNRAS.328.1039C},
  adsnote = {Provided by the SAO/NASA Astrophysics Data System}
}

@ARTICLE{Colless03,
   author = {{Colless}, M. and et al. and {(the 2dFGRS Team),}
	},
    title = "{VizieR Online Data Catalog}",
  journal = {VizieR Online Data Catalog},
   eprint = {astro-ph/0106498},
 keywords = {SURVEYS, GALAXIES: CLUSTERS: GENERAL, GALAXIES: DISTANCES AND REDSHIFTS, COSMOLOGY: OBSERVATIONS, LARGE-SCALE STRUCTURE OF UNIVERSE},
     year = 2003,
   volume = 7226,
}

#============================================================================================================================
# SDSS
#============================================================================================================================
@ARTICLE{York00,
   author = {{York}, D.~G. and et al. and {(the SDSS Collaboration),}
	},
    title = "{The Sloan Digital Sky Survey: Technical Summary}",
  journal = {\aj},
   eprint = {astro-ph/0006396},
 keywords = {Cosmology: Observations, Instrumentation: Miscellaneous},
     year = 2000,
    month = sep,
   volume = 120,
    pages = {1579-1587},
      doi = {10.1086/301513},
   adsurl = {http://adsabs.harvard.edu/abs/2000AJ....120.1579Y},
  adsnote = {Provided by the SAO/NASA Astrophysics Data System}
}

@ARTICLE{Abazajian09,
   author = {{Abazajian}, K.  and et al. and {(the SDSS Collaboration)}
	},
    title = "{The Seventh Data Release of the Sloan Digital Sky Survey}",
  journal = {\apjs},
archivePrefix = "arXiv",
   eprint = {0812.0649},
 keywords = {atlases, catalogs, surveys},
     year = 2009,
    month = jun,
   volume = 182,
      eid = {543},
    pages = {543-558},
      doi = {10.1088/0067-0049/182/2/543},
   adsurl = {http://adsabs.harvard.edu/abs/2009ApJS..182..543A},
  adsnote = {Provided by the SAO/NASA Astrophysics Data System}
}


#============================================================================================================================
# SPH
#============================================================================================================================

@ARTICLE{Monaghan92,
   author = {{Monaghan}, J.~J.},
    title = "{Smoothed particle hydrodynamics}",
  journal = {\araa},
 keywords = {Computational Fluid Dynamics, Finite Difference Theory, Hydrodynamics, Kernel Functions, Particle Energy, Particle Mass, Angular Momentum, Partial Differential Equations, Particle In Cell Technique, Pressure Gradients},
     year = 1992,
   volume = 30,
    pages = {543-574},
      doi = {10.1146/annurev.aa.30.090192.002551},
   adsurl = {http://adsabs.harvard.edu/abs/1992ARA%26A..30..543M},
  adsnote = {Provided by the SAO/NASA Astrophysics Data System}
}

#============================================================================================================================
# AMR
#============================================================================================================================

@ARTICLE{Berger89,
   author = {{Berger}, M.~J. and {Colella}, P.},
    title = "{Local adaptive mesh refinement for shock hydrodynamics}",
  journal = {Journal of Computational Physics},
 keywords = {Conservation Laws, Grid Generation (Mathematics), Hydrodynamics, Shock Waves, Algorithms, Boundary Integral Method, Discontinuity, Error Analysis, Euler Equations Of Motion, Numerical Analysis},
     year = 1989,
    month = may,
   volume = 82,
    pages = {64-84},
      doi = {10.1016/0021-9991(89)90035-1},
   adsurl = {http://adsabs.harvard.edu/abs/1989JCoPh..82...64B},
  adsnote = {Provided by the SAO/NASA Astrophysics Data System}
}

#============================================================================================================================
# SPH vs AMR
#============================================================================================================================
@INPROCEEDINGS{Plewa01,
   author = {{Plewa}, T.},
    title = "{Numerical Hydrodynamics: SPH versus AMR}",
booktitle = {The Formation of Binary Stars},
     year = 2001,
   series = {IAU Symposium},
   volume = 200,
   eprint = {astro-ph/0008512},
   editor = {{Zinnecker}, H. and {Mathieu}, R.},
    pages = {563},
   adsurl = {http://adsabs.harvard.edu/abs/2001IAUS..200..563P},
  adsnote = {Provided by the SAO/NASA Astrophysics Data System}
}

#============================================================================================================================
# AREPO
#============================================================================================================================

@ARTICLE{Springel10,
   author = {{Springel}, V.},
    title = "{E pur si muove: Galilean-invariant cosmological hydrodynamical simulations on a moving mesh}",
  journal = {\mnras},
archivePrefix = "arXiv",
   eprint = {0901.4107},
 primaryClass = "astro-ph.CO",
 keywords = {methods: numerical, galaxies: interactions, cosmology: dark matter},
     year = 2010,
    month = jan,
   volume = 401,
    pages = {791-851},
      doi = {10.1111/j.1365-2966.2009.15715.x},
   adsurl = {http://adsabs.harvard.edu/abs/2010MNRAS.401..791S},
  adsnote = {Provided by the SAO/NASA Astrophysics Data System}
}

#============================================================================================================================
# RAMSES
#============================================================================================================================

@ARTICLE{Teyssier02,
   author = {{Teyssier}, R.},
    title = "{Cosmological hydrodynamics with adaptive mesh refinement. A new high resolution code called RAMSES}",
  journal = {\aap},
   eprint = {astro-ph/0111367},
 keywords = {GRAVITATION, HYDRODYNAMICS, METHODS: NUMERICAL, COSMOLOGY: THEORY, COSMOLOGY: LARGE-SCALE STRUCTURE OF UNIVERSE},
     year = 2002,
    month = apr,
   volume = 385,
    pages = {337-364},
      doi = {10.1051/0004-6361:20011817},
   adsurl = {http://adsabs.harvard.edu/abs/2002A%26A...385..337T},
  adsnote = {Provided by the SAO/NASA Astrophysics Data System}
}

#============================================================================================================================
# GADGET
#============================================================================================================================

@ARTICLE{Springel05,
   author = {{Springel}, V.},
    title = "{The cosmological simulation code GADGET-2}",
  journal = {\mnras},
   eprint = {astro-ph/0505010},
 keywords = {methods: numerical, galaxies: interactions, dark matter},
     year = 2005,
    month = dec,
   volume = 364,
    pages = {1105-1134},
      doi = {10.1111/j.1365-2966.2005.09655.x},
   adsurl = {http://adsabs.harvard.edu/abs/2005MNRAS.364.1105S},
  adsnote = {Provided by the SAO/NASA Astrophysics Data System}
}

#============================================================================================================================
# PLANCK DATA RELEASE 2013
#============================================================================================================================

@ARTICLE{Planck13XVI,
   author = {{Planck Collaboration}},
    title = "{Planck intermediate results. XVI. Profile likelihoods for cosmological parameters}",
  journal = {ArXiv e-prints},
archivePrefix = "arXiv",
   eprint = {1311.1657},
 keywords = {Astrophysics - Cosmology and Nongalactic Astrophysics},
     year = 2013,
    month = nov,
   adsurl = {http://adsabs.harvard.edu/abs/2013arXiv1311.1657P},
  adsnote = {Provided by the SAO/NASA Astrophysics Data System}
}

#============================================================================================================================
# FILAMENTARY ACRETION
#============================================================================================================================

@ARTICLE{Dekel09,
   author = {{Dekel}, A. and {Birnboim}, Y. and {Engel}, G. and {Freundlich}, J. and 
	{Goerdt}, T. and {Mumcuoglu}, M. and {Neistein}, E. and {Pichon}, C. and 
	{Teyssier}, R. and {Zinger}, E.},
    title = "{Cold streams in early massive hot haloes as the main mode of galaxy formation}",
  journal = {\nat},
archivePrefix = "arXiv",
   eprint = {0808.0553},
     year = 2009,
    month = jan,
   volume = 457,
    pages = {451-454},
      doi = {10.1038/nature07648},
   adsurl = {http://adsabs.harvard.edu/abs/2009Natur.457..451D},
  adsnote = {Provided by the SAO/NASA Astrophysics Data System}
}

#============================================================================================================================
# FLUORESCENCY
#============================================================================================================================

@ARTICLE{Cantalupo12,
   author = {{Cantalupo}, S. and {Lilly}, S.~J. and {Haehnelt}, M.~G.},
    title = "{Detection of dark galaxies and circum-galactic filaments fluorescently illuminated by a quasar at z = 2.4}",
  journal = {\mnras},
archivePrefix = "arXiv",
   eprint = {1204.5753},
 primaryClass = "astro-ph.CO",
 keywords = {galaxies: dwarf, galaxies: formation, galaxies: high-redshift, intergalactic medium, quasars: general, galaxies: star formation },
     year = 2012,
    month = sep,
   volume = 425,
    pages = {1992-2014},
      doi = {10.1111/j.1365-2966.2012.21529.x},
   adsurl = {http://adsabs.harvard.edu/abs/2012MNRAS.425.1992C},
  adsnote = {Provided by the SAO/NASA Astrophysics Data System}
}

#============================================================================================================================
# LENSING
#============================================================================================================================

@ARTICLE{Massey07,
   author = {{Massey}, R. and et al.
	},
    title = "{Dark matter maps reveal cosmic scaffolding}",
  journal = {\nat},
   eprint = {astro-ph/0701594},
     year = 2007,
    month = jan,
   volume = 445,
    pages = {286-290},
      doi = {10.1038/nature05497},
   adsurl = {http://adsabs.harvard.edu/abs/2007Natur.445..286M},
  adsnote = {Provided by the SAO/NASA Astrophysics Data System}
}

@ARTICLE{Dietrich12,
   author = {{Dietrich}, J.~P. and {Werner}, N. and {Clowe}, D. and {Finoguenov}, A. and 
	{Kitching}, T. and {Miller}, L. and {Simionescu}, A.},
    title = "{A filament of dark matter between two clusters of galaxies}",
  journal = {\nat},
archivePrefix = "arXiv",
   eprint = {1207.0809},
 primaryClass = "astro-ph.CO",
     year = 2012,
    month = jul,
   volume = 487,
    pages = {202-204},
      doi = {10.1038/nature11224},
   adsurl = {http://adsabs.harvard.edu/abs/2012Natur.487..202D},
  adsnote = {Provided by the SAO/NASA Astrophysics Data System}
}

#============================================================================================================================
# SPIN ORIENTATION
#============================================================================================================================

@ARTICLE{Hahn10,
   author = {{Hahn}, O. and {Teyssier}, R. and {Carollo}, C.~M.},
    title = "{The large-scale orientations of disc galaxies}",
  journal = {\mnras},
archivePrefix = "arXiv",
   eprint = {1002.1964},
 primaryClass = "astro-ph.CO",
 keywords = {methods: numerical, galaxies: evolution, galaxies: formation, cosmology: theory, large-scale structure of Universe},
     year = 2010,
    month = jun,
   volume = 405,
    pages = {274-290},
      doi = {10.1111/j.1365-2966.2010.16494.x},
   adsurl = {http://adsabs.harvard.edu/abs/2010MNRAS.405..274H},
  adsnote = {Provided by the SAO/NASA Astrophysics Data System}
}

#============================================================================================================================
# ANGULAR MOMENTUM ACQUISICION
#============================================================================================================================

@ARTICLE{Dubois14,
   author = {{Dubois}, Y. and et al.
	},
    title = "{Dancing in the dark: galactic properties trace spin swings along the cosmic web}",
  journal = {ArXiv e-prints},
archivePrefix = "arXiv",
   eprint = {1402.1165},
 keywords = {Astrophysics - Cosmology and Nongalactic Astrophysics},
     year = 2014,
    month = feb,
   adsurl = {http://adsabs.harvard.edu/abs/2014arXiv1402.1165D},
  adsnote = {Provided by the SAO/NASA Astrophysics Data System}
}

#============================================================================================================================
# LyAlpha
#============================================================================================================================

@ARTICLE{Rauch98,
   author = {{Rauch}, M.},
    title = "{The Lyman Alpha Forest in the Spectra of QSOs}",
  journal = {\araa},
   eprint = {astro-ph/9806286},
     year = 1998,
   volume = 36,
    pages = {267-316},
      doi = {10.1146/annurev.astro.36.1.267},
   adsurl = {http://adsabs.harvard.edu/abs/1998ARA%26A..36..267R},
  adsnote = {Provided by the SAO/NASA Astrophysics Data System}
}

@ARTICLE{Cantalupo14,
   author = {{Cantalupo}, S. and {Arrigoni-Battaia}, F. and {Prochaska}, J.~X. and 
	{Hennawi}, J.~F. and {Madau}, P.},
    title = "{A cosmic web filament revealed in Lyman-{$\alpha$} emission around a luminous high-redshift quasar}",
  journal = {\nat},
archivePrefix = "arXiv",
   eprint = {1401.4469},
     year = 2014,
    month = feb,
   volume = 506,
    pages = {63-66},
      doi = {10.1038/nature12898},
   adsurl = {http://adsabs.harvard.edu/abs/2014Natur.506...63C},
  adsnote = {Provided by the SAO/NASA Astrophysics Data System}
}


#============================================================================================================================
# SZ EFFECT
#============================================================================================================================

@ARTICLE{Hand12,
   author = {{Hand}, N. and et al.
	},
    title = "{Evidence of Galaxy Cluster Motions with the Kinematic Sunyaev-Zel'dovich Effect}",
  journal = {Physical Review Letters},
archivePrefix = "arXiv",
   eprint = {1203.4219},
 primaryClass = "astro-ph.CO",
 keywords = {Observational cosmology, Distances redshifts radial velocities, spatial distribution of galaxies, Galaxy clusters, Background radiations},
     year = 2012,
    month = jul,
   volume = 109,
   number = 4,
      eid = {041101},
    pages = {041101},
      doi = {10.1103/PhysRevLett.109.041101},
   adsurl = {http://adsabs.harvard.edu/abs/2012PhRvL.109d1101H},
  adsnote = {Provided by the SAO/NASA Astrophysics Data System}
}

#============================================================================================================================
# GASEOUS COSMIC WEB
#============================================================================================================================

@incollection{Bond93,
    year={1993},
    isbn={978-0-7923-2542-0},
    booktitle={The Environment and Evolution of Galaxies},
    volume={188},
    series={Astrophysics and Space Science Library},
    editor={Shull, J.Michael and Thronson, HarleyA., Jr.},
    doi={10.1007/978-94-011-1882-8_1},
    title={Gastrophysical Cosmology},
    url={http://dx.doi.org/10.1007/978-94-011-1882-8_1},
    publisher={Springer Netherlands},
    keywords={microwave background; cosmology; galaxy formation},
    author={Bond, J.Richard},
    pages={3-26},
    language={English}
}

#============================================================================================================================
# T-WEB
#============================================================================================================================

@ARTICLE{Hahn07,
   author = {{Hahn}, O. and {Porciani}, C. and {Carollo}, C.~M. and {Dekel}, A.
	},
    title = "{Properties of dark matter haloes in clusters, filaments, sheets and voids}",
  journal = {\mnras},
   eprint = {astro-ph/0610280},
 keywords = {methods: N-body simulations , galaxies: haloes , cosmology: theory , dark matter , large-scale structure of Universe},
     year = 2007,
    month = feb,
   volume = 375,
    pages = {489-499},
      doi = {10.1111/j.1365-2966.2006.11318.x},
   adsurl = {http://adsabs.harvard.edu/abs/2007MNRAS.375..489H},
  adsnote = {Provided by the SAO/NASA Astrophysics Data System}
}

@ARTICLE{Forero09,
   author = {{Forero-Romero}, J.~E. and {Hoffman}, Y. and {Gottl{\"o}ber}, S. and 
	{Klypin}, A. and {Yepes}, G.},
    title = "{A dynamical classification of the cosmic web}",
  journal = {\mnras},
archivePrefix = "arXiv",
   eprint = {0809.4135},
 keywords = {methods: numerical , cosmology: large-scale structure of Universe},
     year = 2009,
    month = jul,
   volume = 396,
    pages = {1815-1824},
      doi = {10.1111/j.1365-2966.2009.14885.x},
   adsurl = {http://adsabs.harvard.edu/abs/2009MNRAS.396.1815F},
  adsnote = {Provided by the SAO/NASA Astrophysics Data System}
}

#============================================================================================================================
# V-WEB
#============================================================================================================================

@ARTICLE{Hoffman12,
   author = {{Hoffman}, Y. and {Metuki}, O. and {Yepes}, G. and {Gottl{\"o}ber}, S. and 
	{Forero-Romero}, J.~E. and {Libeskind}, N.~I. and {Knebe}, A.
	},
    title = "{A kinematic classification of the cosmic web}",
  journal = {\mnras},
archivePrefix = "arXiv",
   eprint = {1201.3367},
 primaryClass = "astro-ph.CO",
 keywords = {cosmology: theory, dark matter, large scale of Universe },
     year = 2012,
    month = sep,
   volume = 425,
    pages = {2049-2057},
      doi = {10.1111/j.1365-2966.2012.21553.x},
   adsurl = {http://adsabs.harvard.edu/abs/2012MNRAS.425.2049H},
  adsnote = {Provided by the SAO/NASA Astrophysics Data System}
}

#============================================================================================================================
# DARK MATTER COSMIC WEB
#============================================================================================================================

@ARTICLE{Cautun14,
   author = {{Cautun}, M. and {van de Weygaert}, R. and {Jones}, B.~J.~T. and 
	{Frenk}, C.~S.},
    title = "{Evolution of the cosmic web}",
  journal = {\mnras},
archivePrefix = "arXiv",
   eprint = {1401.7866},
 keywords = {methods: data analysis, cosmology: theory, large-scale structure of Universe},
     year = 2014,
    month = jul,
   volume = 441,
    pages = {2923-2973},
      doi = {10.1093/mnras/stu768},
   adsurl = {http://adsabs.harvard.edu/abs/2014MNRAS.441.2923C},
  adsnote = {Provided by the SAO/NASA Astrophysics Data System}
}
