@ARTICLE{Neyrinck08,
   author = {{Neyrinck}, M.~C.},
    title = "{ZOBOV: a parameter-free void-finding algorithm}",
  journal = {\mnras},
archivePrefix = "arXiv",
   eprint = {0712.3049},
 keywords = {methods: data analysis , cosmology: theory , large-scale structure of Universe},
     year = 2008,
    month = jun,
   volume = 386,
    pages = {2101-2109},
      doi = {10.1111/j.1365-2966.2008.13180.x},
   adsurl = {http://adsabs.harvard.edu/abs/2008MNRAS.386.2101N},
  adsnote = {Provided by the SAO/NASA Astrophysics Data System}
}

@ARTICLE{Tikhonov09,
   author = {{Tikhonov}, A.~V. and {Klypin}, A.},
    title = "{The emptiness of voids: yet another overabundance problem for the {$\Lambda$} cold dark matter model}",
  journal = {\mnras},
archivePrefix = "arXiv",
   eprint = {0807.0924},
 keywords = {galaxies: formation , galaxies: kinematics and dynamics , galaxies: luminosity function, mass function , dark matter , large-scale structure of Universe},
     year = 2009,
    month = jun,
   volume = 395,
    pages = {1915-1924},
      doi = {10.1111/j.1365-2966.2009.14686.x},
   adsurl = {http://adsabs.harvard.edu/abs/2009MNRAS.395.1915T},
  adsnote = {Provided by the SAO/NASA Astrophysics Data System}
}

@ARTICLE{Sutter14b,
   author = {{Sutter}, P.~M. and {Elahi}, P. and {Falck}, B. and {Onions}, J. and 
	{Hamaus}, N. and {Knebe}, A. and {Srisawat}, C. and {Schneider}, A.
	},
    title = "{The life and death of cosmic voids}",
  journal = {ArXiv e-prints},
archivePrefix = "arXiv",
   eprint = {1403.7525},
 keywords = {Astrophysics - Cosmology and Nongalactic Astrophysics},
     year = 2014,
    month = mar,
   adsurl = {http://adsabs.harvard.edu/abs/2014arXiv1403.7525S},
  adsnote = {Provided by the SAO/NASA Astrophysics Data System}
}

@ARTICLE{Sutter14a,
   author = {{Sutter}, P.~M. and {Lavaux}, G. and {Hamaus}, N. and {Wandelt}, B.~D. and 
	{Weinberg}, D.~H. and {Warren}, M.~S.},
    title = "{Sparse sampling, galaxy bias, and voids}",
  journal = {\mnras},
archivePrefix = "arXiv",
   eprint = {1309.5087},
 keywords = {methods: data analysis, methods: numerical, cosmology: theory, large-scale structure of Universe},
     year = 2014,
    month = jul,
   volume = 442,
    pages = {462-471},
      doi = {10.1093/mnras/stu893},
   adsurl = {http://adsabs.harvard.edu/abs/2014MNRAS.442..462S},
  adsnote = {Provided by the SAO/NASA Astrophysics Data System}
}

@ARTICLE{GarrisonKimmel14,
   author = {{Garrison-Kimmel}, S. and {Boylan-Kolchin}, M. and {Bullock}, J.~S. and 
	{Lee}, K.},
    title = "{ELVIS: Exploring the Local Volume in Simulations}",
  journal = {\mnras},
archivePrefix = "arXiv",
   eprint = {1310.6746},
 primaryClass = "astro-ph.CO",
 keywords = {galaxies: haloes, Local Group, cosmology: theory, dark matter},
     year = 2014,
    month = mar,
   volume = 438,
    pages = {2578-2596},
      doi = {10.1093/mnras/stt2377},
   adsurl = {http://adsabs.harvard.edu/abs/2014MNRAS.438.2578G},
  adsnote = {Provided by the SAO/NASA Astrophysics Data System}
}

@ARTICLE{Hamaus14,
   author = {{Hamaus}, N. and {Sutter}, P.~M. and {Wandelt}, B.~D.},
    title = "{A Universal Density Profile for Cosmic Voids}",
  journal = {ArXiv e-prints},
archivePrefix = "arXiv",
   eprint = {1403.5499},
 primaryClass = "astro-ph.CO",
 keywords = {Astrophysics - Cosmology and Extragalactic Astrophysics, General Relativity and Quantum Cosmology},
     year = 2014,
    month = mar,
   adsurl = {http://adsabs.harvard.edu/abs/2014arXiv1403.5499H},
  adsnote = {Provided by the SAO/NASA Astrophysics Data System}
}

@ARTICLE{Zeldovich82,
   author = {{Zel'dovich}, I.~B. and {Einasto}, J. and {Shandarin}, S.~F.},
    title = "{Giant voids in the universe}",
  journal = {\nat},
 keywords = {Astronomical Models, Galactic Clusters, Galactic Evolution, Galactic Structure, Spatial Distribution, Universe, Adiabatic Conditions, Cosmology, Mass Distribution, Neutrinos},
     year = 1982,
    month = dec,
   volume = 300,
    pages = {407-413},
      doi = {10.1038/300407a0},
   adsurl = {http://adsabs.harvard.edu/abs/1982Natur.300..407Z},
  adsnote = {Provided by the SAO/NASA Astrophysics Data System}
}

@ARTICLE{Chincarini75,
   author = {{Chincarini}, G. and {Rood}, H.~J.},
    title = "{Size of the Coma cluster}",
  journal = {\nat},
 keywords = {Galactic Clusters, Radial Velocity, Size Determination, Astronomical Spectroscopy, Distance, Radii},
     year = 1975,
    month = sep,
   volume = 257,
    pages = {294},
      doi = {10.1038/257294a0},
   adsurl = {http://adsabs.harvard.edu/abs/1975Natur.257..294C},
  adsnote = {Provided by the SAO/NASA Astrophysics Data System}
}

@ARTICLE{Gregory78,
   author = {{Gregory}, S.~A. and {Thompson}, L.~A.},
    title = "{The Coma/A1367 supercluster and its environs}",
  journal = {\apj},
 keywords = {Galactic Clusters, Galactic Structure, Red Shift, Spatial Distribution, Contours, Galactic Radiation, Luminous Intensity, Morphology, Population Theory},
     year = 1978,
    month = jun,
   volume = 222,
    pages = {784-799},
      doi = {10.1086/156198},
   adsurl = {http://adsabs.harvard.edu/abs/1978ApJ...222..784G},
  adsnote = {Provided by the SAO/NASA Astrophysics Data System}
}

@ARTICLE{Einasto80M,
   author = {{Einasto}, J. and {Joeveer}, M. and {Saar}, E.},
    title = "{Structure of superclusters and supercluster formation}",
  journal = {\mnras},
 keywords = {Elliptical Galaxies, Galactic Clusters, Radio Sources (Astronomy), Spatial Distribution, Spiral Galaxies, Cosmology, Southern Hemisphere, Star Distribution},
     year = 1980,
    month = nov,
   volume = 193,
    pages = {353-375},
   adsurl = {http://adsabs.harvard.edu/abs/1980MNRAS.193..353E},
  adsnote = {Provided by the SAO/NASA Astrophysics Data System}
}

@ARTICLE{Einasto80N,
   author = {{Einasto}, J. and {Joeveer}, M. and {Saar}, E.},
    title = "{Superclusters and galaxy formation}",
  journal = {\nat},
 keywords = {Galactic Clusters, Galactic Structure, Red Shift, Cosmology, Star Distribution},
     year = 1980,
    month = jan,
   volume = 283,
    pages = {47},
      doi = {10.1038/283047a0},
   adsurl = {http://adsabs.harvard.edu/abs/1980Natur.283...47E},
  adsnote = {Provided by the SAO/NASA Astrophysics Data System}
}

@ARTICLE{Kirshner81,
   author = {{Kirshner}, R.~P. and {Oemler}, Jr., A. and {Schechter}, P.~L. and 
	{Shectman}, S.~A.},
    title = "{A million cubic megaparsec void in Bootes}",
  journal = {\apjl},
 keywords = {Galactic Clusters, Galactic Radiation, Red Shift, Cosmology, Density Distribution, Galactic Structure, Hubble Diagram, Luminosity, Perturbation Theory, Voids},
     year = 1981,
    month = sep,
   volume = 248,
    pages = {L57-L60},
      doi = {10.1086/183623},
   adsurl = {http://adsabs.harvard.edu/abs/1981ApJ...248L..57K},
  adsnote = {Provided by the SAO/NASA Astrophysics Data System}
}

@ARTICLE{Kirshner87,
   author = {{Kirshner}, R.~P. and {Oemler}, Jr., A. and {Schechter}, P.~L. and 
	{Shectman}, S.~A.},
    title = "{A survey of the Bootes void}",
  journal = {\apj},
 keywords = {Galactic Clusters, Red Shift, Space Density, Voids, Astronomical Catalogs, Distribution Functions, Probability Theory, Statistical Analysis},
     year = 1987,
    month = mar,
   volume = 314,
    pages = {493-506},
      doi = {10.1086/165080},
   adsurl = {http://adsabs.harvard.edu/abs/1987ApJ...314..493K},
  adsnote = {Provided by the SAO/NASA Astrophysics Data System}
}

@ARTICLE{Bond96,
   author = {{Bond}, J.~R. and {Kofman}, L. and {Pogosyan}, D.},
    title = "{How filaments of galaxies are woven into the cosmic web}",
  journal = {\nat},
   eprint = {astro-ph/9512141},
     year = 1996,
    month = apr,
   volume = 380,
    pages = {603-606},
      doi = {10.1038/380603a0},
   adsurl = {http://adsabs.harvard.edu/abs/1996Natur.380..603B},
  adsnote = {Provided by the SAO/NASA Astrophysics Data System}
}

@ARTICLE{Hahn07,
   author = {{Hahn}, O. and {Porciani}, C. and {Carollo}, C.~M. and {Dekel}, A.
	},
    title = "{Properties of dark matter haloes in clusters, filaments, sheets and voids}",
  journal = {\mnras},
   eprint = {astro-ph/0610280},
 keywords = {methods: N-body simulations , galaxies: haloes , cosmology: theory , dark matter , large-scale structure of Universe},
     year = 2007,
    month = feb,
   volume = 375,
    pages = {489-499},
      doi = {10.1111/j.1365-2966.2006.11318.x},
   adsurl = {http://adsabs.harvard.edu/abs/2007MNRAS.375..489H},
  adsnote = {Provided by the SAO/NASA Astrophysics Data System}
}

@ARTICLE{Zeldovich70,
   author = {{Zel'dovich}, Y.~B.},
    title = "{Gravitational instability: An approximate theory for large density perturbations.}",
  journal = {\aap},
     year = 1970,
    month = mar,
   volume = 5,
    pages = {84-89},
   adsurl = {http://adsabs.harvard.edu/abs/1970A%26A.....5...84Z},
  adsnote = {Provided by the SAO/NASA Astrophysics Data System}
}
